<record><leader>00000cas a22000007a 4500</leader><controlfield tag="001">37193380</controlfield><controlfield tag="008">970625d190519uuokuwr n       0    0eng d</controlfield><datafield ind1=" " ind2=" " tag="010"><subfield code="a">sn 97064969 </subfield></datafield><datafield ind1=" " ind2=" " tag="040"><subfield code="a">OBN</subfield><subfield code="b">eng</subfield><subfield code="c">OBN</subfield><subfield code="d">OCLCQ</subfield><subfield code="d">OCLCO</subfield></datafield><datafield ind1="1" ind2=" " tag="029"><subfield code="a">AU@</subfield><subfield code="b">000013335469</subfield></datafield><datafield ind1=" " ind2=" " tag="042"><subfield code="a">msc</subfield></datafield><datafield ind1=" " ind2=" " tag="043"><subfield code="a">n-us-ok</subfield></datafield><datafield ind1="0" ind2=" " tag="130"><subfield code="a">Okmulgee chieftain (Weekly : 1905)</subfield></datafield><datafield ind1="1" ind2="0" tag="245"><subfield code="a">Okmulgee chieftain.</subfield></datafield><datafield ind1="3" ind2=" " tag="246"><subfield code="a">Chieftain</subfield></datafield><datafield ind1=" " ind2=" " tag="260"><subfield code="a">Okmulgee, Creek Nation, Indian Territory [Okla.] :</subfield><subfield code="b">Okmulgee Chieftain Pub. Co.</subfield></datafield><datafield ind1=" " ind2=" " tag="300"><subfield code="a">v.</subfield></datafield><datafield ind1=" " ind2=" " tag="310"><subfield code="a">Weekly</subfield></datafield><datafield ind1="0" ind2=" " tag="362"><subfield code="a">Vol. 4, no. 44 (July 6, 1905)-</subfield></datafield><datafield ind1=" " ind2=" " tag="500"><subfield code="a">"Weekly Edition" published above masthead, Nov. 8-Dec. 20, 1906.</subfield></datafield><datafield ind1=" " ind2="0" tag="651"><subfield code="a">Okmulgee (Okla.)</subfield><subfield code="v">Newspapers.</subfield></datafield><datafield ind1=" " ind2="0" tag="651"><subfield code="a">Okmulgee County (Okla.)</subfield><subfield code="v">Newspapers.</subfield></datafield><datafield ind1=" " ind2="0" tag="651"><subfield code="a">Creek Nation (Okla.)</subfield><subfield code="v">Newspapers.</subfield></datafield><datafield ind1=" " ind2="0" tag="651"><subfield code="a">Indian Territory</subfield><subfield code="v">Newspapers.</subfield></datafield><datafield ind1=" " ind2=" " tag="752"><subfield code="a">United States</subfield><subfield code="b">Oklahoma</subfield><subfield code="c">Okmulgee</subfield><subfield code="d">Okmulgee.</subfield></datafield><datafield ind1="0" ind2=" " tag="775"><subfield code="t">Okmulgee chieftain (Daily : 1907)</subfield><subfield code="w">(DLC)sn 97064970</subfield><subfield code="w">(OCoLC)37193400</subfield></datafield><datafield ind1="0" ind2="0" tag="780"><subfield code="t">Semi-weekly Okmulgee chieftain</subfield><subfield code="w">(DLC)sn 97064968</subfield><subfield code="w">(OCoLC)37193361</subfield></datafield></record>